<?xml version="1.0" encoding="UTF-8"?><record xmlns="http://www.loc.gov/MARC21/slim" xmlns:cinclude="http://apache.org/cocoon/include/1.0" xmlns:zs="http://www.loc.gov/zing/srw/">
  <leader>00888cz  a2200193n  4500</leader>
  <controlfield tag="001">n  85050162 </controlfield>
  <controlfield tag="003">DLC</controlfield>
  <controlfield tag="005">20080507074912.0</controlfield>
  <controlfield tag="008">860416n| acannaabn          |a aaa      </controlfield>
  <datafield tag="010" ind1=" " ind2=" ">
    <subfield code="a">n  85050162 </subfield>
  </datafield>
  <datafield tag="035" ind1=" " ind2=" ">
    <subfield code="a">(OCoLC)oca01611618</subfield>
  </datafield>
  <datafield tag="040" ind1=" " ind2=" ">
    <subfield code="a">DLC</subfield>
    <subfield code="b">eng</subfield>
    <subfield code="c">DLC</subfield>
    <subfield code="d">OCoLC</subfield>
  </datafield>
  <datafield tag="100" ind1="1" ind2=" ">
    <subfield code="a">Salazar, José María,</subfield>
    <subfield code="d">1785-1828</subfield>
  </datafield>
  <datafield tag="400" ind1="1" ind2=" ">
    <subfield code="a">Salazar, J. M.</subfield>
    <subfield code="q">(José María),</subfield>
    <subfield code="d">1785-1828</subfield>
  </datafield>
  <datafield tag="670" ind1=" " ind2=" ">
    <subfield code="a">His Observaciones sobre las reformas políticas de Colombia, 1828:</subfield>
    <subfield code="b">t.p. (J.M. Salazar, L.L.D., miembro de la Academia nacional de Bogotá, del Instituto de Colombia en Washington, de la Sociedad Filosófica de Filadelfia, y de otros cuerpos literarios)</subfield>
  </datafield>
  <datafield tag="670" ind1=" " ind2=" ">
    <subfield code="a">Sabin</subfield>
    <subfield code="b">(Salazar, J.M.)</subfield>
  </datafield>
  <datafield tag="670" ind1=" " ind2=" ">
    <subfield code="a">NUC pre-1956</subfield>
    <subfield code="b">(hdg.: Salazar, José María, 1785-1828; usage chiefly José María Salazar)</subfield>
  </datafield>
  <datafield tag="670" ind1=" " ind2=" ">
    <subfield code="a">Shoemaker:</subfield>
    <subfield code="b">1928 (Salazar, José Maria)</subfield>
  </datafield>
  <datafield tag="670" ind1=" " ind2=" ">
    <subfield code="a">Palau</subfield>
    <subfield code="b">(Salazar, José Ma.)</subfield>
  </datafield>
</record>